<?xml version="1.0" encoding="UTF-8"?><collection xmlns="http://www.loc.gov/MARC21/slim"><record><leader>00403nam--2200145-i-4500</leader><controlfield tag="001">000047404</controlfield><controlfield tag="002">20161230</controlfield><controlfield tag="005">20161230201046</controlfield><controlfield tag="008">060222s1000------------r-----000-0-eng-d</controlfield><datafield ind1=" " ind2=" " tag="080"><subfield code="a">541.1(082.1):543</subfield></datafield><datafield ind1=" " ind2=" " tag="245"><subfield code="a">Analytical chemistry. part.1</subfield></datafield><datafield ind1=" " ind2=" " tag="260"><subfield code="a">London, Butterworths, 1976, 363p</subfield></datafield><datafield ind1=" " ind2=" " tag="490"><subfield code="a">International Review Of Science. Physical Chemistry. Series Two</subfield></datafield><datafield ind1=" " ind2=" " tag="700"><subfield code="a">West,T.S</subfield></datafield><datafield ind1=" " ind2=" " tag="852"><subfield code="a">45487</subfield></datafield></record></collection>